@misc{link,
  author = {FBRef},
  year = {2023},
  note = {Last accessed 10 June 2023},
  howpublished = "\url{https://fbref.com/en/}"
}